@TechReport{Bartel,
        author = {A. Bartel and J. Klein and M. Monperrus and Y. Le Traon},
        title = {{Automatically Securing Permission-based Software by Reducing the Attack Surface: An application to Android}},
        institution = {University of Luxembourg},
        address = {},
        number = {},
        year = {2011},
        month = {},
        URL = {}
        }



@article{Batyuk,
author = {Leonid Batyuk and Markus Herpich and Seyit Ahmet Camtepe and Karsten Raddatz and Aubrey-Derrick Schmidt and Sahin Albayrak},
title = {Using static analysis for automatic assessment and mitigation of unwanted and malicious activities within Android applications},
journal ={2012 7th International Conference on Malicious and Unwanted Software},
volume = {0},
isbn = {978-1-4673-0031-5},
year = {2011},
pages = {66-72},
doi = {http://doi.ieeecomputersociety.org/10.1109/MALWARE.2011.6112328},
publisher = {IEEE Computer Society},
address = {Los Alamitos, CA, USA},
}

@inproceedings{Burguera,
 author = {Burguera, Iker and Zurutuza, Urko and Nadjm-Tehrani, Simin},
 title = {Crowdroid: behavior-based malware detection system for Android},
 booktitle = {Proceedings of the 1st ACM workshop on Security and privacy in smartphones and mobile devices},
 series = {SPSM '11},
 year = {2011},
 isbn = {978-1-4503-1000-0},
 location = {Chicago, Illinois, USA},
 pages = {15--26},
 numpages = {12},
 url = {http://doi.acm.org/10.1145/2046614.2046619},
 doi = {10.1145/2046614.2046619},
 acmid = {2046619},
 publisher = {ACM},
 address = {New York, NY, USA},
 keywords = {anomaly detection, crowdsourcing, data mining, dynamic analysis, intrusion detection, malware detection, smartphone security},
}

@inproceedings{Au_ccs12,
 author = {Au, Kathy Wain Yee and Zhou, Yi Fan and Huang, Zhen and Lie, David},
 title = {PScout: analyzing the Android permission specification},
 booktitle = {Proceedings of the 2012 ACM conference on Computer and communications security},
 series = {CCS '12},
 year = {2012},
 isbn = {978-1-4503-1651-4},
 location = {Raleigh, North Carolina, USA},
 pages = {217--228},
 numpages = {12},
 url = {http://doi.acm.org/10.1145/2382196.2382222},
 doi = {10.1145/2382196.2382222},
 acmid = {2382222},
 publisher = {ACM},
 address = {New York, NY, USA},
 keywords = {android, permissions, smartphone},
}

@inproceedings{Lu_ccs12,
 author = {Lu, Long and Li, Zhichun and Wu, Zhenyu and Lee, Wenke and Jiang, Guofei},
 title = {CHEX: statically vetting Android apps for component hijacking vulnerabilities},
 booktitle = {Proceedings of the 2012 ACM conference on Computer and communications security},
 series = {CCS '12},
 year = {2012},
 isbn = {978-1-4503-1651-4},
 location = {Raleigh, North Carolina, USA},
 pages = {229--240},
 numpages = {12},
 url = {http://doi.acm.org/10.1145/2382196.2382223},
 doi = {10.1145/2382196.2382223},
 acmid = {2382223},
 publisher = {ACM},
 address = {New York, NY, USA},
 keywords = {app splitting, component hijacking vulnerability, static analysis},
}


@inproceedings{Tang_osdi12,
 author = {Tang, Yang and Ames, Phillip and Bhamidipati, Sravan and Bijlani, Ashish and Geambasu, Roxana and Sarda, Nikhil},
 title = {CleanOS: limiting mobile data exposure with idle eviction},
 booktitle = {Proceedings of the 10th USENIX conference on Operating Systems Design and Implementation},
 series = {OSDI'12},
 year = {2012},
 isbn = {978-1-931971-96-6},
 location = {Hollywood, CA, USA},
 pages = {77--91},
 numpages = {15},
 url = {http://dl.acm.org/citation.cfm?id=2387880.2387888},
 acmid = {2387888},
 publisher = {USENIX Association},
 address = {Berkeley, CA, USA},
} 
@inproceedings{taintdroid,
 author = {Enck, William and Gilbert, Peter and Chun, Byung-Gon and Cox, Landon P. and Jung, Jaeyeon and McDaniel, Patrick and Sheth, Anmol N.},
 title = {TaintDroid: an information-flow tracking system for realtime privacy monitoring on smartphones},
 booktitle = {Proceedings of the 9th USENIX conference on Operating systems design and implementation},
 series = {OSDI'10},
 year = {2010},
 location = {Vancouver, BC, Canada},
 pages = {1--6},
 numpages = {6},
 url = {http://dl.acm.org/citation.cfm?id=1924943.1924971},
 acmid = {1924971},
 publisher = {USENIX Association},
 address = {Berkeley, CA, USA},
} 

@inproceedings{Enck_ccs09,
 author = {Enck, William and Ongtang, Machigar and McDaniel, Patrick},
 title = {On lightweight mobile phone application certification},
 booktitle = {Proceedings of the 16th ACM conference on Computer and communications security},
 series = {CCS '09},
 year = {2009},
 isbn = {978-1-60558-894-0},
 location = {Chicago, Illinois, USA},
 pages = {235--245},
 numpages = {11},
 url = {http://doi.acm.org/10.1145/1653662.1653691},
 doi = {10.1145/1653662.1653691},
 acmid = {1653691},
 publisher = {ACM},
 address = {New York, NY, USA},
 keywords = {android, malware, mobile phone security},
} 



@inproceedings{Lange,
 author = {Lange, Matthias and Liebergeld, Steffen and Lackorzynski, Adam and Warg, Alexander and Peter, Michael},
 title = {L4Android: a generic operating system framework for secure smartphones},
 booktitle = {Proceedings of the 1st ACM workshop on Security and privacy in smartphones and mobile devices},
 series = {SPSM '11},
 year = {2011},
 isbn = {978-1-4503-1000-0},
 location = {Chicago, Illinois, USA},
 pages = {39--50},
 numpages = {12},
 url = {http://doi.acm.org/10.1145/2046614.2046623},
 doi = {10.1145/2046614.2046623},
 acmid = {2046623},
 publisher = {ACM},
 address = {New York, NY, USA},
 keywords = {microkernel, near field communication, secure operating systems, smartphones, soft sim, system virtualization},
} 

@inproceedings{Andrus,
 author = {Andrus, Jeremy and Dall, Christoffer and Hof, Alexander Van't and Laadan, Oren and Nieh, Jason},
 title = {Cells: a virtual mobile smartphone architecture},
 booktitle = {Proceedings of the Twenty-Third ACM Symposium on Operating Systems Principles},
 series = {SOSP '11},
 year = {2011},
 isbn = {978-1-4503-0977-6},
 location = {Cascais, Portugal},
 pages = {173--187},
 numpages = {15},
 url = {http://doi.acm.org/10.1145/2043556.2043574},
 doi = {10.1145/2043556.2043574},
 acmid = {2043574},
 publisher = {ACM},
 address = {New York, NY, USA},
 keywords = {Android, smartphones, virtualization},
} 

@inproceedings{Hornyack,
 author = {Hornyack, Peter and Han, Seungyeop and Jung, Jaeyeon and Schechter, Stuart and Wetherall, David},
 title = {These aren't the droids you're looking for: retrofitting android to protect data from imperious applications},
 booktitle = {Proceedings of the 18th ACM conference on Computer and communications security},
 series = {CCS '11},
 year = {2011},
 isbn = {978-1-4503-0948-6},
 location = {Chicago, Illinois, USA},
 pages = {639--652},
 numpages = {14},
 url = {http://doi.acm.org/10.1145/2046707.2046780},
 doi = {10.1145/2046707.2046780},
 acmid = {2046780},
 publisher = {ACM},
 address = {New York, NY, USA},
 keywords = {android, privacy, smartphone},
} 

@inproceedings{Ongtang,
 author = {Ongtang, Machigar and McLaughlin, Stephen and Enck, William and McDaniel, Patrick},
 title = {Semantically Rich Application-Centric Security in Android},
 booktitle = {Proceedings of the 2009 Annual Computer Security Applications Conference},
 series = {ACSAC '09},
 year = {2009},
 isbn = {978-0-7695-3919-5},
 pages = {340--349},
 numpages = {10},
 url = {http://dx.doi.org/10.1109/ACSAC.2009.39},
 doi = {10.1109/ACSAC.2009.39},
 acmid = {1723245},
 publisher = {IEEE Computer Society},
 address = {Washington, DC, USA},
 keywords = {mobile phone security, Android, application interactions, mediation},
} 

@inproceedings{xjiang_11,
 author = {Zhou, Yajin and Zhang, Xinwen and Jiang, Xuxian and Freeh, Vincent W.},
 title = {Taming information-stealing smartphone applications (on Android)},
 booktitle = {Proceedings of the 4th international conference on Trust and trustworthy computing},
 series = {TRUST'11},
 year = {2011},
 isbn = {978-3-642-21598-8},
 location = {Pittsburgh, PA},
 pages = {93--107},
 numpages = {15},
 url = {http://dl.acm.org/citation.cfm?id=2022245.2022255},
 acmid = {2022255},
 publisher = {Springer-Verlag},
 address = {Berlin, Heidelberg},
 keywords = {Android, privacy mode, smartphone applications},
} 



@inproceedings{Beresford,
 author = {Beresford, Alastair R. and Rice, Andrew and Skehin, Nicholas and Sohan, Ripduman},
 title = {MockDroid: trading privacy for application functionality on smartphones},
 booktitle = {Proceedings of the 12th Workshop on Mobile Computing Systems and Applications},
 series = {HotMobile '11},
 year = {2011},
 isbn = {978-1-4503-0649-2},
 location = {Phoenix, Arizona},
 pages = {49--54},
 numpages = {6},
 url = {http://doi.acm.org/10.1145/2184489.2184500},
 doi = {10.1145/2184489.2184500},
 acmid = {2184500},
 publisher = {ACM},
 address = {New York, NY, USA},
 keywords = {Android, MockDroid, mobile, phone, privacy},
} 


@inproceedings{Nauman,
 author = {Nauman, Mohammad and Khan, Sohail and Zhang, Xinwen},
 title = {Apex: extending Android permission model and enforcement with user-defined runtime constraints},
 booktitle = {Proceedings of the 5th ACM Symposium on Information, Computer and Communications Security},
 series = {ASIACCS '10},
 year = {2010},
 isbn = {978-1-60558-936-7},
 location = {Beijing, China},
 pages = {328--332},
 numpages = {5},
 url = {http://doi.acm.org/10.1145/1755688.1755732},
 doi = {10.1145/1755688.1755732},
 acmid = {1755732},
 publisher = {ACM},
 address = {New York, NY, USA},
 keywords = {Android, constraints, mobile platforms, policy framework},
} 

@inproceedings{Becher,
 author = {Becher, Michael and Freiling, Felix C. and Hoffmann, Johannes and Holz, Thorsten and Uellenbeck, Sebastian and Wolf, Christopher},
 title = {Mobile Security Catching Up? Revealing the Nuts and Bolts of the Security of Mobile Devices},
 booktitle = {Proceedings of the 2011 IEEE Symposium on Security and Privacy},
 series = {SP '11},
 year = {2011},
 isbn = {978-0-7695-4402-1},
 pages = {96--111},
 numpages = {16},
 url = {http://dx.doi.org/10.1109/SP.2011.29},
 doi = {10.1109/SP.2011.29},
 acmid = {2006760},
 publisher = {IEEE Computer Society},
 address = {Washington, DC, USA},
 keywords = {mobile security, smartphones, survey},
} 

@inproceedings{Felt_ccs11,
 author = {Felt, Adrienne Porter and Chin, Erika and Hanna, Steve and Song, Dawn and Wagner, David},
 title = {Android permissions demystified},
 booktitle = {Proceedings of the 18th ACM conference on Computer and communications security},
 series = {CCS '11},
 year = {2011},
 isbn = {978-1-4503-0948-6},
 location = {Chicago, Illinois, USA},
 pages = {627--638},
 numpages = {12},
 url = {http://doi.acm.org/10.1145/2046707.2046779},
 doi = {10.1145/2046707.2046779},
 acmid = {2046779},
 publisher = {ACM},
 address = {New York, NY, USA},
 keywords = {android, least privilege, permissions},
} 

@inproceedings{Felt,
 author = {Felt, Adrienne Porter and Finifter, Matthew and Chin, Erika and Hanna, Steve and Wagner, David},
 title = {A survey of mobile malware in the wild},
 booktitle = {Proceedings of the 1st ACM workshop on Security and privacy in smartphones and mobile devices},
 series = {SPSM '11},
 year = {2011},
 isbn = {978-1-4503-1000-0},
 location = {Chicago, Illinois, USA},
 pages = {3--14},
 numpages = {12},
 url = {http://doi.acm.org/10.1145/2046614.2046618},
 doi = {10.1145/2046614.2046618},
 acmid = {2046618},
 publisher = {ACM},
 address = {New York, NY, USA},
 keywords = {malware, mobile devices, smartphones},
} 



@inproceedings{hijack,
 author = {Lu, Long and Li, Zhichun and Wu, Zhenyu and Lee, Wenke and Jiang, Guofei},
 title = {CHEX: statically vetting Android apps for component hijacking vulnerabilities},
 booktitle = {Proceedings of the 2012 ACM conference on Computer and communications security},
 series = {CCS '12},
 year = {2012},
 isbn = {978-1-4503-1651-4},
 location = {Raleigh, North Carolina, USA},
 pages = {229--240},
 numpages = {12},
 url = {http://doi.acm.org/10.1145/2382196.2382223},
 doi = {10.1145/2382196.2382223},
 acmid = {2382223},
 publisher = {ACM},
 address = {New York, NY, USA},
 keywords = {app splitting, component hijacking vulnerability, static analysis},
} 



@inproceedings{xjiang_oak12,
  author    = {Yajin Zhou and
               Xuxian Jiang},
  title     = {Dissecting Android Malware: Characterization and Evolution},
  booktitle = {IEEE Symposium on Security and Privacy},
  year      = {2012},
  pages     = {95-109}
}

@article{rbiresearch,
author = {ABI Research},
title = {http://venturebeat.com/2013/02/06/800-million-android-smartphones-300-million-iphones-in-active-use-by-december-2013-study-says/},
journal = {},
month = {},
year = {2013},
volume = {},
number = {}
}

@TechReport{WM-CS-2007-11,
        author = {Haodong Wang and Bo Sheng and Chiu C. Tan and Qun Li},
        title = {{WM-ECC: an Elliptic Curve Cryptography Suite on Sensor Motes}},
        institution = {College of William and Mary, Computer Science},
        address = {Williamsburg, VA},
        number = {WM-CS-2007-11},
        year = {2007},
        month = {},
        URL = {}
        }

@inproceedings{Fahl,
 author = {Fahl, Sascha and Harbach, Marian and Muders, Thomas and Baumg\"{a}rtner, Lars and Freisleben, Bernd and Smith, Matthew},
 title = {Why eve and mallory love android: an analysis of android SSL (in)security},
 booktitle = {Proceedings of the 2012 ACM conference on Computer and communications security},
 series = {CCS '12},
 year = {2012},
 isbn = {978-1-4503-1651-4},
 location = {Raleigh, North Carolina, USA},
 pages = {50--61},
 numpages = {12},
 url = {http://doi.acm.org/10.1145/2382196.2382205},
 doi = {10.1145/2382196.2382205},
 acmid = {2382205},
 publisher = {ACM},
 address = {New York, NY, USA},
 keywords = {android, apps, mitma, security, ssl},
} 
@inproceedings{Mavrogiannopoulos,
 author = {Mavrogiannopoulos, Nikos and Vercauteren, Frederik and Velichkov, Vesselin and Preneel, Bart},
 title = {A cross-protocol attack on the TLS protocol},
 booktitle = {Proceedings of the 2012 ACM conference on Computer and communications security},
 series = {CCS '12},
 year = {2012},
 isbn = {978-1-4503-1651-4},
 location = {Raleigh, North Carolina, USA},
 pages = {62--72},
 numpages = {11},
 url = {http://doi.acm.org/10.1145/2382196.2382206},
 doi = {10.1145/2382196.2382206},
 acmid = {2382206},
 publisher = {ACM},
 address = {New York, NY, USA},
 keywords = {cross-protocol attack, man-in-the-middle, server impersonation attack, ssl, tls},
} 

@INPROCEEDINGS {wlan-3g,
author = {M. Buddhikot and G. Chandranmenon and G. Ch and S. Han and Y. W. Lee and S. Miller and L. Salgarelli },
booktitle = {{IEEE INFOCOM}},
PAGES = {},
TITLE = {Integration of 802.11 and Third-Generation Wireless Data Networks},
Address ={},
Month={},
YEAR = {2003}
}

@article{hipaarule,
author = {},
title = {HIPAA Privacy Rule},
journal = {U.S. Department of Health and Human Services},
month = {},
year = {2002},
volume = {},
number = {}
}
@article{mdnews,
author = {Jessica Grogan},
title = {Smartphones Partly to Blame for HIPAA Compliance Issue},
journal = {MDNews.com},
month = {Jan},
year = {2012},
volume = {},
number = {}
}

@article{manhattan,
author = {},
title = {Smartphones, Tablets and Mobile Marketing},
journal = {Manhattan Research},
month = {},
year = {2012},
volume = {},
number = {}
}

@article{ijeic11,
author = {S. Busanelli and B. Martalo and G. Ferrari and G. Spigoni},
title = {Vertical Handover between WiFi and UMTS Networks: Experimental Performance Analysis},
journal = {International Journal of Energy, Information and Communications},
month = {February},
year = {2011},
volume = {2},
number = {1}
}

@article{hipaa,
author = {104th Congress},
title = {Health Insurance Portability and Accountability Act of 1996},
journal = {Public Law 104-191},
year = {1996},
month = {},
volume = {},
number = {},
pages = {},
publisher = {},
earlier = {},
later = {},
url = {http://www.gpo.gov/fdsys/pkg/PLAW-104publ191/html/PLAW-104publ191.htm}
}

@article{trump,
author = {Brian Dolan},
title = {Why Doctors' pagers still trump smartphones},
journal = {MobiHealthNews},
year = {2011},
month = {August},
volume = {},
number = {},
pages = {},
publisher = {},
earlier = {},
later = {},
url = {http://mobihealthnews.com/12503/why-doctors-pagers-still-trump-smartphones/}
}

@article{ARF,
author = {A. Kamerman and L. Monteban},
title = {WaveLAN-II: A High-performance Wireless LAN for the Unlicensed Band},
journal = {Bell Labs Technical Journal},
year = {1997},
month = {August},
volume = {2},
number = {3},
pages = {118-133},
publisher = {},
earlier = {},
later = {},
url = {}
}

@INPROCEEDINGS {AARF,
author = {M. Lacage and M. H. Manshaei and T. Turletti},
booktitle = {{ACM MSWiM}},
PAGES = {},
TITLE = {IEEE 802.11 Rate Adaptation: A Practical Approach},
Address ={},
Month={},
YEAR = {2004}
}

@MISC{ONOE,
   author = {},
   note = {http://madwifi.org/browser/trunk/ath rate/onoe},
   year = {}
   }

@INPROCEEDINGS {OAR,
author = {B. Sadeghi and V. Kanodia and A. Sabharwal and E. Knightly},
booktitle = {{ACM MOBICOM}},
PAGES = {},
TITLE = {Opportunistic {M}edia {A}ccess for {M}ultirate ad hoc {N}etworks},
Address ={},
Month={},
YEAR = {2002}
}

@INPROCEEDINGS {CARA,
author = {J. Kim and S. Kim and S. Choi and D. Qiao},
booktitle = {{IEEE INFOCOM}},
PAGES = {},
TITLE = {CARA: {C}ollision-aware {R}ate {A}daptation for IEEE 802.11 WLANs},
Address ={},
Month={},
YEAR = {2006}
}
@INPROCEEDINGS {RAF,
author = {C. Chen and H. Luo and E. Seo and N. H. Vaidya and X. Wang},
booktitle = {{IEEE Infocom}},
PAGES = {},
TITLE = {Rate-adaptive {F}raming for {I}nterfered {W}ireless {N}etworks},
Address ={},
Month={},
YEAR = {2007}
}
@INPROCEEDINGS {Knightly_mobicom08,
author = {J. Camp and E. Knightly},
booktitle = {{ACM MOBICOM}},
PAGES = {},
TITLE = {Modulation {R}ate {A}daptation in {U}rban and {V}ehicular {E}nvironments: {C}ross-layer {I}mplementation and {E}xperimental {E}valuation},
Address ={},
Month={},
YEAR = {}
}
@inproceedings{RBAR,
 author = {G. Holland and N. Vaidya and P. Bahl},
 title = {A rate-adaptive MAC protocol for multi-Hop wireless networks},
 booktitle = {{ACM MobiCom}},
 year = {2001},
 isbn = {1-58113-422-3},
 pages = {236--251},
 location = {Rome, Italy},
 doi = {http://doi.acm.org/10.1145/381677.381700},
 publisher = {ACM},
 address = {New York, NY, USA},
 }
@INPROCEEDINGS {RRAA,
author = {S. Wong and H. Yang and S. Lu and V. Bharghavan},
booktitle = {{ACM MOBICOM}},
PAGES = {},
TITLE = {Robust {R}ate {A}daptation for 802.11 Wireless Networks},
Address ={},
Month={},
YEAR = {2006}
}
@INPROCEEDINGS {Symphony,
author = {K. Ramachandran and R. Kokku and H. Zhang and M. Gruteser},
booktitle = {{MOBISYS}},
PAGES = {},
TITLE = {Symphony: {S}ynchronous {T}wo-Phase {R}ate and {P}ower {C}ontrol in 802.11 {WLANs}},
Address ={},
Month={},
YEAR = {2008}
}
@INPROCEEDINGS {Samplerate,
author = {J. C. Bicket},
booktitle = {{Master's Thesis}},
PAGES = {},
TITLE = {Bit-rate {S}election in {W}ireless {N}etwork},
Address ={Department of EECS, MIT},
Month={February},
YEAR = {2005}
}
@INPROCEEDINGS {ERF,
author = {G. Judd and P. Steenkiste},
booktitle = {{USENIX NSDI}},
PAGES = {},
TITLE = {Using {E}mulation to {U}nderstand and {I}mprove {W}ireless {N}etworks and {A}pplications},
Address ={},
Month={},
YEAR = {2005}
}
@INPROCEEDINGS {Qiao_ICC05,
author = {D. Qiao and S. Choi},
booktitle = {{IEEE ICC}},
PAGES = {},
TITLE = {Fast-responsive {L}ink {A}daptation for {IEEE} 802.11 {WLANs}},
Address ={},
Month={},
YEAR = {2005}
}
@BOOK{Rappaport,
   author = "T. S. Rappaport",
   title= "Wireless Communications: Principles and Practice",
   publisher = "Prentice Hall",
   year = 1996
   }
@INPROCEEDINGS {,
author = {},
booktitle = {{}},
PAGES = {},
TITLE = {},
Address ={},
Month={},
YEAR = {}
}
@INPROCEEDINGS {Knightly_Mobicom02,
author = {B. Sadeghi and V. Kanodia and A. Sabharwal and E. Knightly},
booktitle = {{ACM Mobicom}},
PAGES = {},
TITLE = {Opportunistic Media Access for Multirate Ad Hoc Networks},
Address ={},
Month={},
YEAR = {2002}
}
@INPROCEEDINGS {Cabernet,
author = {J Eriksson and H. Balakrishnan and S. Madden},
booktitle = {{Mobicom}},
PAGES = {},
TITLE = {Cabernet: Vehicular Content Delivery Using WiFi},
Address ={},
Month={},
YEAR = {2008}
}
@INPROCEEDINGS {Roofnet,
author = {D. Aguayo and J. Bicket and S. Biswas and G. Judd and R. Morris},
booktitle = {{ACM Sigcomm}},
PAGES = {},
TITLE = {Link-level Measurements from an 802.11b Mesh Network},
Address ={},
Month={},
YEAR = {2004}
}
@INPROCEEDINGS {Luo_Hotnets05,
author = {C. Chen and H. Luo},
booktitle = {{HotNets}},
PAGES = {},
TITLE = {The Case for Heterogeneous Wireless Macs},
Address ={},
Month={},
YEAR = {2005}
}
@INPROCEEDINGS {CARS,
author = {P. Shankar and T. Nadeem and J. Rosca and L. Iftode},
booktitle = {{ICNP}},
PAGES = {},
TITLE = {},
Address ={},
Month={},
YEAR = {2008}
}
@inproceedings{Waterloo,
 author = {D. Hadaller and S. Keshav and T. Brecht and S. Agarwal},
 title = {Vehicular opportunistic communication under the microscope},
 booktitle = {{Mobisys}},
 year = {2007},
 isbn = {978-1-59593-614-1},
 pages = {206--219},
 location = {San Juan, Puerto Rico},
 doi = {http://doi.acm.org/10.1145/1247660.1247685},
 publisher = {ACM},
 address = {New York, NY, USA},
 }
@inproceedings{Inf_sigcomm07,
 author = {R. Gummadi and D. Wetherall and B. Greenstein and S. Seshan},
 title = {Understanding and mitigating the impact of RF interference on 802.11 networks}, 
 booktitle = {{ACM SigComm}},
 year = {2007},
 isbn = {978-1-59593-713-1},
 pages = {385--396},
 location = {Kyoto, Japan},
 doi = {http://doi.acm.org/10.1145/1282380.1282424},
 publisher = {ACM},
 address = {New York, NY, USA},
 }
@article{Qiao_TMC02,
author = {D. Qiao and S. Choi and K. G. Shin},
title = { Goodput analysis and link adaptation for IEEE 802.11a wireless LANs},
journal = {IEEE Transaction on Mobile Computing},
year = {2002},
month = {Oct},
volume = {1},
number = {4},
pages = {278-292},
publisher = {},
earlier = {},
later = {},
url = {}
}
@INPROCEEDINGS {IMC07,
author = {R. Mahajan and J. Zahorjan and B. Zill},
booktitle = {{ACM IMC}},
PAGES = {},
TITLE = {Understanding WiFi-based Connectivity from Moving Vehicles},
Address ={},
Month={},
YEAR = {2007}
}
@INPROCEEDINGS {conext11,
author = {X. Tie and A. Seetharam and A. Venkataramani and D. Ganesan D. L. Goeckel},
booktitle = {{ACM CoNEXT}},
PAGES = {},
TITLE = {Anticipatory Wireless Bitrate Control for Blocks},
Address ={Tokyo, Japan},
Month={December},
YEAR = {2011}
}
@INPROCEEDINGS {mobicom10,
author = {I. Pefkianakis and Y. Hu and S. H.Y. Wong and H. Yang and Songwu Lu},
booktitle = {{ACM Mobicom}},
PAGES = {},
TITLE = {MIMO Rate Adaptation in 802.11n Wireless Networks},
Address ={Chicago, IL},
Month={September},
YEAR = {2010}
}
@INPROCEEDINGS {nsdi10,
author = {S. Sen and N. Santhapuri and R. R. Choudhury and S. Nelakuditi},
booktitle = {{USENIX NSDI}},
PAGES = {},
TITLE = {Accurate: Constellation based Rate Estimation in Wireless Networks},
Address ={},
Month={},
YEAR = {2010}
}
@INPROCEEDINGS {sigcomm09,
author = {M. Vutukuru and H. Balakrishnan and K. Jamieson},
booktitle = {{ACM SIGCOMM}},
PAGES = {},
TITLE = {Cross-Layer Wireless Bit Rate Adaptation},
Address ={},
Month={},
YEAR = {2009}
}
@INPROCEEDINGS {sigcomm10,
author = {D. Halperin and W. Hu and A. Sheth and D. Wetherall},
booktitle = {{ACM SIGCOMM}},
PAGES = {},
TITLE = {Predicatable  802.11 Packet Delivery from Wireless Channel Measurements},
Address ={},
Month={},
YEAR = {2010}
}
@article{ijpeds,
author = {M. Abusubaih and S. Wiethoelter and J. Gross and A. Wolisz},
title = {A New Access Point Selection Policy for Multi-Rate IEEE 802.11 WLANs},
journal = {International Journal of Parallel, Emergent and Distributed Systems},
year = {2006},
month = {January},
volume = {0},
number = {0},
pages = {1-20},
publisher = {},
earlier = {},
later = {},
url = {}
}
@INPROCEEDINGS {wmsci05,
author = {R. Akl and S. Park},
booktitle = {{WMSCI 05:Communication and Network Systems, Technologies and Application}},
PAGES = {},
TITLE = {Optimal Access Point Selection and Traffic Allocation in IEEE 802.11 Networks},
Address ={},
Month={},
YEAR = {2005}
}
@INPROCEEDINGS {useneximc,
author = {S. Vasudevan and K. Papagiannaki and C. Diot and J. Jurose and D. Towsley},
booktitle = {{USENEX Internet Measurement Conference}},
PAGES = {},
TITLE = {Facilitating Access Point Selection in IEEE 802.11 Wireless Networks},
Address ={},
Month={},
YEAR = {2005}
}
@INPROCEEDINGS {syncscan,
author = {I. Ramani and S. Savage},
booktitle = {{INFOCOM}},
PAGES = {},
TITLE = {SyncScan: Practial Fast Handoff for 802.11 Infrastructure Networks},
Address ={},
Month={},
YEAR = {2005}
}
@INPROCEEDINGS {sigcomm03,
author = {A. Mishra and M. Shin and W. Arbaugh},
booktitle = {{ACM SigComm}},
PAGES = {},
TITLE = {An Empirical Analysis of the IEEE 802.11 MAC Layer Handoff Process},
Address ={},
Month={},
YEAR = {2003}
}
@INPROCEEDINGS {imc07handoff,
author = {R. Raghavendra and E. M. Belding and K. Papagiannaki and K. C. Almeroth},
booktitle = {{ACM IMC}},
PAGES = {},
TITLE = {Understanding handoffs in large ieee 802.11 wireless networks},
Address ={},
Month={},
YEAR = {2007}
}
@INPROCEEDINGS {reciprocity,
author = {M. Guillaud and D. Slock and R. Knopp},
booktitle = {{Signal Processing and Its Applications}},
PAGES = {},
TITLE = {A Practical Method for Wireless Channel Reciprocity Exploitation through Relative Calibration},
Address ={},
Month={},
YEAR = {2005}
}
@article{enhancement,
author = {},
title = {System Description and Operating Principles for High Throughput Enhancements to 802.11},
journal = {IEEE 802.11-04/0870r},
year = {2004},
month = {},
volume = {},
number = {},
pages = {},
publisher = {},
earlier = {},
later = {},
url = {}
}
@article{,
author = {},
title = {},
journal = {},
year = {},
month = {},
volume = {},
number = {},
pages = {},
publisher = {},
earlier = {},
later = {},
url = {}
}
@INPROCEEDINGS {,
author = {},
booktitle = {{}},
PAGES = {},
TITLE = {},
Address ={},
Month={},
YEAR = {}
}
